<record><leader>00000cas a2200000 a 4500</leader><controlfield tag="001">27033604</controlfield><controlfield tag="008">921127c19uu9999miudn ne      0    0eng c</controlfield><datafield ind1=" " ind2=" " tag="010"><subfield code="a">sn 92055284 </subfield></datafield><datafield ind1=" " ind2=" " tag="040"><subfield code="a">NVF</subfield><subfield code="b">eng</subfield><subfield code="c">NVF</subfield><subfield code="d">MHN</subfield><subfield code="d">OCL</subfield><subfield code="d">MHN</subfield><subfield code="d">OCLCQ</subfield><subfield code="d">OCLCF</subfield><subfield code="d">OCLCO</subfield></datafield><datafield ind1="1" ind2=" " tag="029"><subfield code="a">AU@</subfield><subfield code="b">000010308505</subfield></datafield><datafield ind1=" " ind2=" " tag="042"><subfield code="a">pcc</subfield></datafield><datafield ind1=" " ind2=" " tag="043"><subfield code="a">n-us-mi</subfield></datafield><datafield ind1="0" ind2="4" tag="245"><subfield code="a">The Ludington daily news.</subfield></datafield><datafield ind1="1" ind2="3" tag="246"><subfield code="a">Ludington daily news and record-appeal</subfield></datafield><datafield ind1="3" ind2=" " tag="246"><subfield code="a">Ludington Sunday morning news</subfield></datafield><datafield ind1=" " ind2=" " tag="260"><subfield code="a">Ludington, Mich. :</subfield><subfield code="b">Daily News Co.</subfield></datafield><datafield ind1=" " ind2=" " tag="300"><subfield code="a">v.</subfield></datafield><datafield ind1=" " ind2=" " tag="310"><subfield code="a">Daily (except Sun.),</subfield><subfield code="b">Oct. 5, 1933-</subfield></datafield><datafield ind1=" " ind2=" " tag="321"><subfield code="a">Daily (except Sun.),</subfield><subfield code="b">&lt;Mar. 12, 1909&gt;-Aug. 8, 1914</subfield></datafield><datafield ind1=" " ind2=" " tag="321"><subfield code="a">Daily,</subfield><subfield code="b">Aug. 9, 1914-Oct. 9, 1914</subfield></datafield><datafield ind1=" " ind2=" " tag="321"><subfield code="a">Daily (except Sat.),</subfield><subfield code="b">Oct. 11, 1914-Oct. 4, 1933</subfield></datafield><datafield ind1=" " ind2=" " tag="500"><subfield code="a">Part of page 1 missing from July 2, 1913 issue.</subfield></datafield><datafield ind1=" " ind2=" " tag="500"><subfield code="a">Issue called: Diamond Anniversary ed., Feb. 25, 1941. Issue called: Centennial ed., June 29, 1955.</subfield></datafield><datafield ind1=" " ind2=" " tag="500"><subfield code="a">Sunday issues called: Ludington daily news, Aug. 9, 1914-Oct. 4, 1914.</subfield></datafield><datafield ind1=" " ind2=" " tag="500"><subfield code="a">Sunday issues called: Ludington Sunday news, Oct. 11, 1914-Nov. 15, 1914.</subfield></datafield><datafield ind1=" " ind2=" " tag="500"><subfield code="a">Sunday issues called: Ludington Sunday morning news, Nov. 22, 1914-Oct. 4, 1933.</subfield></datafield><datafield ind1=" " ind2=" " tag="515"><subfield code="a">Numbering irregular.</subfield></datafield><datafield ind1=" " ind2=" " tag="580"><subfield code="a">Continues: Ludington daily sun.</subfield></datafield><datafield ind1=" " ind2=" " tag="580"><subfield code="a">Absorbed: Mason County enterprise, &lt;1929&gt;.</subfield></datafield><datafield ind1=" " ind2=" " tag="580"><subfield code="a">Absorbed Ludington record-appeal.</subfield></datafield><datafield ind1=" " ind2=" " tag="588"><subfield code="a">Description based on: Vol. 9, no. 105 (Mar. 12, 1909).</subfield></datafield><datafield ind1=" " ind2="0" tag="651"><subfield code="a">Ludington (Mich.)</subfield><subfield code="v">Newspapers.</subfield></datafield><datafield ind1=" " ind2="0" tag="651"><subfield code="a">Mason County (Mich.)</subfield><subfield code="v">Newspapers.</subfield></datafield><datafield ind1=" " ind2="7" tag="655"><subfield code="a">Newspapers.</subfield><subfield code="2">fast</subfield><subfield code="0">(OCoLC)fst01423814</subfield></datafield><datafield ind1=" " ind2="7" tag="651"><subfield code="a">Michigan</subfield><subfield code="z">Ludington.</subfield><subfield code="2">fast</subfield><subfield code="0">(OCoLC)fst01213446</subfield></datafield><datafield ind1=" " ind2="7" tag="651"><subfield code="a">Michigan</subfield><subfield code="z">Mason County.</subfield><subfield code="2">fast</subfield><subfield code="0">(OCoLC)fst01214744</subfield></datafield><datafield ind1=" " ind2=" " tag="752"><subfield code="a">United States</subfield><subfield code="b">Michigan</subfield><subfield code="c">Mason</subfield><subfield code="d">Ludington.</subfield></datafield><datafield ind1="0" ind2="0" tag="780"><subfield code="t">Ludington daily sun</subfield><subfield code="w">(DLC)sn 98066549</subfield><subfield code="w">(OCoLC)40505474</subfield></datafield><datafield ind1="0" ind2="5" tag="780"><subfield code="t">Mason County enterprise</subfield><subfield code="w">(DLC)sn 97063097</subfield><subfield code="w">(OCoLC)36305453</subfield></datafield><datafield ind1="0" ind2="5" tag="780"><subfield code="t">Ludington record-appeal</subfield><subfield code="w">(DLC)sn 96077203</subfield><subfield code="w">(OCoLC)35786332</subfield></datafield></record>